<record><leader>00000cas a2200000 a 4500</leader><controlfield tag="001">30407794</controlfield><controlfield tag="008">940509d19711976iluwr ne      0   a0eng c</controlfield><datafield ind1=" " ind2=" " tag="010"><subfield code="a">sn 94054260 </subfield></datafield><datafield ind1=" " ind2=" " tag="040"><subfield code="a">NVF</subfield><subfield code="b">eng</subfield><subfield code="c">NVF</subfield><subfield code="d">CVF</subfield><subfield code="d">OCLCQ</subfield><subfield code="d">NVF</subfield><subfield code="d">OCLCQ</subfield><subfield code="d">OCLCF</subfield><subfield code="d">NVF</subfield><subfield code="d">OCLCO</subfield><subfield code="d">OCLCA</subfield><subfield code="d">OCL</subfield></datafield><datafield ind1="1" ind2=" " tag="029"><subfield code="a">AU@</subfield><subfield code="b">000010972616</subfield></datafield><datafield ind1=" " ind2=" " tag="042"><subfield code="a">pcc</subfield></datafield><datafield ind1=" " ind2=" " tag="043"><subfield code="a">n-us-il</subfield></datafield><datafield ind1="0" ind2="4" tag="245"><subfield code="a">The Glenview times.</subfield></datafield><datafield ind1=" " ind2=" " tag="260"><subfield code="a">Des Plaines, Ill. :</subfield><subfield code="b">Des Plaines Pub. Co.,</subfield><subfield code="c">1971-1976.</subfield></datafield><datafield ind1="3" ind2=" " tag="260"><subfield code="3">Dec. 16, 1971-&lt;Dec. 28, 1973&gt;</subfield><subfield code="a">Glenview, Ill. :</subfield><subfield code="b">[s.n.]</subfield></datafield><datafield ind1=" " ind2=" " tag="300"><subfield code="a">v.</subfield></datafield><datafield ind1=" " ind2=" " tag="310"><subfield code="a">Weekly</subfield></datafield><datafield ind1="0" ind2=" " tag="362"><subfield code="a">Vol. 1, no. 1 (Feb. 4, 1971)-6th yr., no. 31 (Aug. 5, 1976).</subfield></datafield><datafield ind1=" " ind2="0" tag="650"><subfield code="a">Community newspapers</subfield><subfield code="z">Illinois</subfield><subfield code="z">Glenview (Cook County)</subfield></datafield><datafield ind1=" " ind2="0" tag="651"><subfield code="a">Glenview (Cook County, Ill.)</subfield><subfield code="v">Newspapers.</subfield></datafield><datafield ind1=" " ind2="0" tag="651"><subfield code="a">Golf (Ill.)</subfield><subfield code="v">Newspapers.</subfield></datafield><datafield ind1=" " ind2="7" tag="655"><subfield code="a">Newspapers.</subfield><subfield code="2">fast</subfield><subfield code="0">(OCoLC)fst01423814</subfield></datafield><datafield ind1=" " ind2="7" tag="650"><subfield code="a">Community newspapers.</subfield><subfield code="2">fast</subfield><subfield code="0">(OCoLC)fst00871103</subfield></datafield><datafield ind1=" " ind2="7" tag="651"><subfield code="a">Illinois</subfield><subfield code="z">Glenview (Cook County)</subfield><subfield code="2">fast</subfield><subfield code="0">(OCoLC)fst01225354</subfield></datafield><datafield ind1=" " ind2="7" tag="651"><subfield code="a">Illinois</subfield><subfield code="z">Golf.</subfield><subfield code="2">fast</subfield><subfield code="0">(OCoLC)fst01282951</subfield></datafield><datafield ind1=" " ind2=" " tag="752"><subfield code="a">United States</subfield><subfield code="b">Illinois</subfield><subfield code="c">Cook</subfield><subfield code="d">Des Plaines.</subfield></datafield><datafield ind1=" " ind2=" " tag="752"><subfield code="a">United States</subfield><subfield code="b">Illinois</subfield><subfield code="c">Cook</subfield><subfield code="d">Glenview.</subfield></datafield><datafield ind1="0" ind2="0" tag="785"><subfield code="t">Glenview times and news-advertiser</subfield><subfield code="w">(DLC)sn2002060731</subfield><subfield code="w">(OCoLC)50091013</subfield></datafield></record>